@article{rabl2012solving,
	title={Solving big data challenges for enterprise application performance management},
	author={Rabl, Tilmann and G{\'o}mez-Villamor, Sergio and Sadoghi, Mohammad and Munt{\'e}s-Mulero, Victor and Jacobsen, Hans-Arno and Mankovskii, Serge},
	journal={Proceedings of the VLDB Endowment},
	volume={5},
	number={12},
	pages={1724--1735},
	year={2012},
	publisher={VLDB Endowment}
}

@article{lakshman2010cassandra,
	title={Cassandra: a decentralized structured storage system},
	author={Lakshman, Avinash and Malik, Prashant},
	journal={ACM SIGOPS Operating Systems Review},
	volume={44},
	number={2},
	pages={35--40},
	year={2010},
	publisher={ACM}
}

@article{zaharia2010spark,
	title={Spark: cluster computing with working sets.},
	author={Zaharia, Matei and Chowdhury, Mosharaf and Franklin, Michael J and Shenker, Scott and Stoica, Ion},
	journal={HotCloud},
	volume={10},
	pages={10--10},
	year={2010}
}

@article{nambiartowards,
	title={Towards an Industry Standard for Benchmarking Big Data Workloads},
	author={Nambiar, Raghunath}
}

@misc{bdes:2013,
	publisher    = {NewVantage Partners LLC},
	title        = {The State of Big Data in the Large Corporate World},
	year         = {2013},
	howpublished = {Big Data Executive Survey 2013 Boston}
}

@book{newman2015building,
	title={Building Microservices},
	author={Newman, Sam},
	year={2015},
	publisher={" O'Reilly Media, Inc."}
}

@article{manyika2011big,
	title={Big data: The next frontier for innovation, competition, and productivity},
	author={Manyika, James and Chui, Michael and Brown, Brad and Bughin, Jacques and Dobbs, Richard and Roxburgh, Charles and Byers, Angela H},
	year={2011}
}

@article{dean2008mapreduce,
	title={MapReduce: simplified data processing on large clusters},
	author={Dean, Jeffrey and Ghemawat, Sanjay},
	journal={Communications of the ACM},
	volume={51},
	number={1},
	pages={107--113},
	year={2008},
	publisher={ACM}
}

@inproceedings{xin2013shark,
	title={Shark: SQL and rich analytics at scale},
	author={Xin, Reynold S and Rosen, Josh and Zaharia, Matei and Franklin, Michael J and Shenker, Scott and Stoica, Ion},
	booktitle={Proceedings of the 2013 ACM SIGMOD International Conference on Management of data},
	pages={13--24},
	year={2013},
	organization={ACM}
}
